@book{Hatcher,
author = {Hatcher, Allen.},
address = {Cambridge},
title = {Algebraic {T}opology},
isbn = {052179160X},
keywords = {Algebraic topology},
language = {eng},
lccn = {lc 00065166},
publisher = {Cambridge University Press},
year = {2002},
}

@book{Eilenberg,
author = {Eilenberg, Samuel and Steenrod, Norman},
address = {Princeton},
isbn = {9780691627236},
language = {eng},
publisher = {Princeton University Press},
title = {Foundations of {A}lgebraic {T}opology},
year = {1952},
}

@misc{Werndli,
author = {Werndli, Kay},
publisher = {Princeton University Press},
title = {Homology {T}heory},
year = {2009},
howpublished= "\url{http://sma.epfl.ch/~werndli/scripts/homology/homology.pdf}",
urldate= {2021-08-16}
}

@misc{Leinster,
      title={Basic {C}ategory {T}heory}, 
      author={Tom Leinster},
      year={2016},
      eprint={1612.09375},
      archivePrefix={arXiv},
      primaryClass={math.CT}
}

@book{Deo,
author = {Deo, Satya.},
address = {Singapore},
title = {Algebraic {T}opology: {A} {P}rimer},
edition = {2nd ed. 2018.},
isbn = {981-10-8734-2},
keywords = {Algebraic topology},
language = {eng},
publisher = {Springer Singapore},
series = {Texts and Readings in Mathematics, 27},
year = {2018},
}

@InCollection{Marquis,
	author       =	{Marquis, Jean-Pierre},
	title        =	{{Category Theory}},
	booktitle    =	{The {Stanford} Encyclopedia of Philosophy},
	editor       =	{Edward N. Zalta},
	howpublished =	{\url{https://plato.stanford.edu/archives/fall2020/entries/category-theory/}},
	year         =	{2020},
	edition      =	{{F}all 2020},
	publisher    =	{Metaphysics Research Lab, Stanford University}
}

@misc{Ivanov,
      title={On nontriviality of homotopy groups of spheres}, 
      author={Sergei O. Ivanov and Roman Mikhailov and Jie Wu},
      year={2015},
      eprint={1506.00952},
      archivePrefix={arXiv},
      primaryClass={math.AT}
}

 @misc{Borsuk,  howpublished="\url{https://planetmath.org/proofofborsukulamtheorem}", title={Proof of {B}orsuk-{U}lam theorem}, author={bwebste}, year={2013}, month={Mar}} 
 
 @misc{proof-wiki,
 author={Proof{W}iki},
 title={Quotient Group of Abelian Group is Abelian
},
  howpublished="\url{https://proofwiki.org/wiki/Quotient_Group_of_Abelian_Group_is_Abelian}",year={2019}, month={Mar}
 }

 @book{Spanier,
author = {Spanier, Edwin Henry},
address = {New York},
booktitle = {Algebraic {T}opology},
edition = {First corr. {S}pringer},
isbn = {0387906460},
keywords = {Algebraic topology},
language = {eng},
lccn = {lc 81018415},
publisher = {Springer},
title = {Algebraic {T}opology},
year = {1981},
}